@article{citation-key,
author = {},
title = {},
year = {},
date = {},

translator = {},
annotator = {},
commentator = {},
subtitle = {},
titleaddon = {},
editor = {},
editora = {},
editorb = {},
editorc = {},
journalsubtitle = {},
journaltitleaddon = {},
issuetitle = {},
issuesubtitle = {},
issuetitleaddon = {},
language = {},
origlanguage = {},
series = {},
volume = {},
number = {},
eid = {}, 
issue = {},
month = {},
pages = {},
version = {},
note = {},
issn = {},
addendum = {},
pubstate = {},
doi = {},
eprint = {},
eprintclass = {},
eprinttype = {},
url = {},
urldate = {}
}

@book{citation-key,
author = {},
title = {}, 
year = {},
date = {},

editor = {},
editora = {},
editorb = {},
editorc = {},
translator = {},
annotator = {},
commentator = {},
introduction = {},
foreword = {},
afterword = {},
subtitle = {},
titleaddon = {},
maintitle = {},
mainsubtitle = {},
maintitleaddon = {},
language = {},
origlanguage = {},
volume = {},
part = {},
edition = {},
volumes = {},
series = {},
number = {},
note = {},
publisher = {},
location = {},
isbn = {},
eid = {},
chapter = {},
pages = {},
pagetotal = {},
addendum = {},
pubstate = {},
doi = {},
eprint = {},
eprintclass = {},
eprinttype = {},
url = {},
urldate = {}
}    


@mvbook{citation-key,
author = {},
title = {},
year = {},
date = {},

editor = {},
editora = {},
editorb = {},
editorc = {},
translator = {},
annotator = {},
commentator = {},
introduction = {},
foreword = {},
afterword = {},
subtitle = {},
titleaddon = {},
language = {},
origlanguage = {},
edition = {},
volumes = {},
series = {},
number = {},
note = {},
publisher = {},
location = {},
isbn = {},
pagetotal = {},
addendum = {},
pubstate = {},
doi = {},
eprint = {},
eprintclass = {},
eprinttype = {},
url = {},
urldate = {}
}    

@inbook{citation-key,
author = {},
title = {},
booktitle = {},
year = {},
date = {},

bookauthor = {},
editor = {},
editora = {},
editorb = {},
editorc = {},
translator = {},
annotator = {},
commentator = {},
introduction = {},
foreword = {},
afterword = {},
subtitle = {},
titleaddon = {},
maintitle = {},
mainsubtitle = {},
maintitleaddon = {},
booksubtitle = {},
booktitleaddon = {},
language = {},
origlanguage = {},
volume = {},
part = {},
edition = {},
volumes = {},
series = {},
number = {},
note = {},
publisher = {},
location = {},
isbn = {},
eid = {},
chapter = {},
pages = {},
addendum = {},
pubstate = {},
doi = {},
eprint = {},
eprintclass = {},
eprinttype = {},
url = {},
urldate = {}
}

@booklet{citation-key,
author = {},
editor = {},
title = {},
year = {},
date = {},

subtitle = {},
titleaddon = {},
language = {},
howpublished = {},
type = {},
note = {},
location = {},
eid = {},
chapter = {},
pages = {},
pagetotal = {},
addendum = {},
pubstate = {},
doi = {},
eprint = {},
eprintclass = {},
eprinttype = {},
url = {},
urldate = {}
}

@collection{citation-key,
 editor = {},
 title = {}, 
 year = {},
 date = {},

editora = {},
editorb = {},
editorc = {},
translator = {},
annotator = {},
commentator = {},
introduction = {},
foreword = {},
afterword = {},
subtitle = {},
titleaddon = {},
maintitle = {},
mainsubtitle = {},
maintitleaddon = {},
language = {},
origlanguage = {},
volume = {},
part = {},
edition = {},
volumes = {},
series = {},
number = {},
note = {},
publisher = {},
location = {},
isbn = {},
eid = {},
chapter = {},
pages = {},
pagetotal = {},
addendum = {},
pubstate = {},
doi = {},
eprint = {},
eprintclass = {},
eprinttype = {},
url = {},
urldate = {}
}


@mvcollection{citation-key,
editor = {},
title = {},
year = {},
date = {},

editora = {},
editorb = {},
editorc = {},
translator = {},
annotator = {},
commentator = {},
introduction = {},
foreword = {},
afterword = {},
subtitle = {},
titleaddon = {},
language = {},
origlanguage = {},
edition = {},
volumes = {},
series = {},
number = {},
note = {},
publisher = {},
location = {},
isbn = {},
pagetotal = {},
addendum = {},
pubstate = {},
doi = {},
eprint = {},
eprintclass = {},
eprinttype = {},
url = {},
urldate = {}
}


@incollection{citation-key,
author = {},
title = {},
editor = {},
booktitle = {},
year = {},
date = {},

editor = {},
editora = {},
editorb = {},
editorc = {},
translator = {},
annotator = {},
commentator = {},
introduction = {},
foreword = {},
afterword = {},
subtitle = {},
titleaddon = {},
maintitle = {},
mainsubtitle = {},
maintitleaddon = {},
booksubtitle = {},
booktitleaddon = {},
language = {},
origlanguage = {},
volume = {},
part = {},
edition = {},
volumes = {},
series = {},
number = {},
note = {},
publisher = {},
location = {},
isbn = {},
eid = {},
chapter = {},
pages = {},
addendum = {},
pubstate = {},
doi = {},
eprint = {},
eprintclass = {},
eprinttype = {},
url = {},
urldate = {}
}


@dataset{citation-key,
author = {},
editor = {},
title = {},
year = {},
date = {},

subtitle = {},
titleaddon = {},
language = {},
edition = {},
type = {},
series = {},
number = {},
version = {},
note = {},
organization = {},
publisher = {},
location = {},
addendum = {},
pubstate = {},
doi = {},
eprint = {},
eprintclass = {},
eprinttype = {},
url = {},
urldate = {}
}


@manual{citation-key,
author = {},
editor = {},
title = {},
year = {},
date = {},

subtitle = {},
titleaddon = {},
language = {},
edition = {},
type = {},
series = {},
number = {},
version = {},
note = {},
organization = {},
publisher = {},
location = {},
isbn = {},
eid = {},
chapter = {},
pages = {},
pagetotal = {},
addendum = {},
pubstate = {},
doi = {},
eprint = {},
eprintclass = {},
eprinttype = {},
url = {},
urldate = {}
}


@misc{citation-key,
author = {},
editor = {},
title = {},
year = {},
date = {},

subtitle = {},
titleaddon = {},
language = {},
howpublished = {},
type = {},
version = {},
note = {},
organization = {},
location = {},
month = {},
addendum = {},
pubstate = {},
doi = {},
eprint = {},
eprintclass = {},
eprinttype = {},
url = {},
urldate = {}
}


@online{citation-key,
author = {},
editor = {},
title = {},
year = {},
date = {},
doi = {},
eprint = {},
url = {},

subtitle = {},
titleaddon = {},
language = {},
version = {},
note = {},
organization = {},
month = {},
addendum = {},
pubstate = {},
eprintclass = {},
eprinttype = {},
urldate = {}
}


@patent{citation-key,
author = {},
title = {},
number = {},
year = {},
date = {},

holder = {},
subtitle = {},
titleaddon = {},
type = {},
version = {},
location = {},
note = {},
month = {},
addendum = {},
pubstate = {},
doi = {},
eprint = {},
eprintclass = {},
eprinttype = {},
url = {},
urldate = {}
}


@periodical{citation-key,
editor = {},
title = {},
year = {},
date = {},

editora = {},
editorb = {},
editorc = {},
subtitle = {},
titleaddon = {},
issuetitle = {},
issuesubtitle = {},
issuetitleaddon = {},
language = {},
series = {},
volume = {},
number = {},
issue = {},
month = {},
note = {},
issn = {},
addendum = {},
pubstate = {},
doi = {},
eprint = {},
eprintclass = {},
eprinttype = {},
url = {},
urldate = {}
}


@proceedings{citation-key,
title = {},
year = {},
date = {},

editor = {},
subtitle = {},
titleaddon = {},
maintitle = {},
mainsubtitle = {},
maintitleaddon = {},
eventtitle = {},
eventtitleaddon = {},
eventdate = {},
venue = {},
language = {},
volume = {},
part = {},
volumes = {},
series = {},
number = {},
note = {},
organization = {},
publisher = {},
location = {},
month = {},
isbn = {},
eid = {},
chapter = {},
pages = {},
pagetotal = {},
addendum = {},
pubstate = {},
doi = {},
eprint = {},
eprintclass = {},
eprinttype = {},
url = {},
urldate = {}
}


@mvproceedings{citation-key,
title = {},
year = {},
date = {},

editor = {},
subtitle = {},
titleaddon = {},
eventtitle = {},
eventtitleaddon = {},
eventdate = {},
venue = {},
language = {},
volumes = {},
series = {},
number = {},
note = {},
organization = {},
publisher = {},
location = {},
month = {},
isbn = {},
pagetotal = {},
addendum = {},
pubstate = {},
doi = {},
eprint = {},
eprintclass = {},
eprinttype = {},
url = {},
urldate = {}
}


@inproceedings{citation-key,
author = {},
title = {},
booktitle = {},
year = {},
date = {},

editor = {},
subtitle = {},
titleaddon = {}, 
maintitle = {},
mainsubtitle = {}, 
maintitleaddon = {},
booksubtitle = {},
booktitleaddon = {},
eventtitle = {},
eventtitleaddon = {},
eventdate = {},
venue = {},
language = {},
volume = {},
part = {},
volumes = {},
series = {},
number = {},
note = {},
organization = {},
publisher = {},
location = {},
month = {},
isbn = {},
eid = {},
chapter = {},
pages = {},
addendum = {},
pubstate = {},
doi = {},
eprint = {},
eprintclass = {},
eprinttype = {},
url = {},
urldate = {}
}


@report{citation-key,
author = {},
title = {},
type = {},
institution = {},
year = {},
date = {},

subtitle = {},
titleaddon = {},
language = {}, 
number = {},
version = {},
note = {},
location = {},
month = {},
isrn = {},
eid = {},
chapter = {},
pages = {},
pagetotal = {},
addendum = {},
pubstate = {},
doi = {},
eprint = {},
eprintclass = {},
eprinttype = {},
url = {},
urldate = {}
}


@Set{citation-key,
entryset = {key1, key2, key3},
}


@thesis{citation-key,
author = {},
title = {},
type = {},
institution = {},
year = {},
date = {},

subtitle = {},
titleaddon = {},
language = {},
note = {},
location = {},
month = {},
isbn = {},
eid = {}, 
chapter = {},
pages = {},
pagetotal = {}, 
addendum = {}, 
pubstate = {},
doi = {},
eprint = {},
eprintclass = {},
eprinttype = {},
url = {},
urldate = {}
}


@unpublished{citation-key,
author = {},
title = {},
year = {},
date = {},

subtitle = {},
titleaddon = {},
type = {},
eventtitle = {},
eventtitleaddon = {},
eventdate = {},
venue = {},
language = {},
howpublished = {},
note = {},
location = {},
isbn = {},
month = {},
addendum = {},
pubstate = {},
doi = {},
eprint = {},
eprintclass = {},
eprinttype = {},
url = {},
urldate = {}
}


@XData{hup,
publisher = {Harvard University Press},
location = {Cambridge, Mass.},
}
@Book{...,
author = {...},
title = {...},
date = {...},
xdata = {hup},
}


@{citation-key,
 = {},
}[iFrameSizer]iFrameResizer0:0:1:size[iFrameSizer]iFrameResizer0:0:0:autoResize:false[iFrameSizer]iFrameResizer0:0:300:initdealfinder-io:syn[iFrameResizerChild]Ready