@article{mishra2018,
author = {Mishra, Bijesh and Gyawali, Buddhi R  and Paudel, Krishna P  and Poudyal, Neelam C and Simon, Marion F. and Dasgupta, Siddhartha  and Antonious, George F.},
title = {Adoption of Sustainable Agriculture Practices among Farmers in Kentucky, USA},
year = {2018},
journaltitle = {Environmental Management},
volume = {62},
number = {},
pages = {1060-1072},
eid = {},
doi = {10.1007/s00267-018-1109-3},
url = {},
urldate = {}
}

@article{m23a,
author = {Mishra, Bijesh and Joshi, Omkar and Masters, Ronald E and McKinney, Caleb  and Adhikari, Arjun  and Zou, Chris B and Will, Rodney E},
title = {Economic returns and the perceived obstacles to adopting active management in the forest-grassland transition ecoregion in south-central USA},
year = {2023},
journaltitle = {Journal of Environmental Management},
volume = {343},
number = {},
pages = {},
eid = {118225},
doi = {10.1016/j.jenvman.2023.118225},
url = {},
urldate = {}
}

@article{m23b,
author = {Mishra, Bijesh and Joshi, Omkar  and Chapagain, Binod P. and Lambert, Lixia He  and Will, Rodney E.},
title = {Intentions of Landowners towards Active Management of Ecosystem for Deer Habitat},
year = {2023},
journaltitle = {Environmental Management},
volume = {72},
number = {},
pages = {529-539},
eid = {},
doi = {10.1007/s00267-023-01810-3},
url = {},
urldate = {}
}

@article{mishra2019,
author = {Mishra, Bijesh  and Sandifer, Jeremy  and Gyawali, Buddhi Raj},
title = {Urban heat island in Kathmandu, Nepal: Evaluating relationship between NDVI and LST from 2000 to 2018},
year = {2019},
journaltitle = {International Journal of Environment},
volume = {8},
number = {1},
pages = {17-29},
eid = {},
doi = {10.3126/ije.v8i1.22546},
url = {},
urldate = {}
}

@techreport{USFS2020,
title = {Timber Product Output and Use for Oklahoma, 2018},
author = {{US Forest Service}},
year = {2020},
month = {},
type = {Resource Update FS-289},
journal = {},
institution = {U.S. Department of Agriculture, Forest Service},
volume = {},
location = {Southern Research Station, Asheville, NC},
pages = {2p},
doi = {10.2737/FS-RU-289},
issn = {},
url = {https://www.fs.usda.gov/research/treesearch/61618}
}

@article{citation-key,
author = {},
title = {},
year = {},
journaltitle = {},
volume = {},
number = {},
pages = {},
eid = {},
doi = {},
url = {},
urldate = {}
}

@article{citation-key,
author = {},
title = {},
year = {},
journaltitle = {},
volume = {},
number = {},
pages = {},
eid = {},
doi = {},
url = {},
urldate = {}
}